%YAML 1.1
%TAG !u! tag:unity3d.com,2011:
--- !u!1 &3995283136892598981
GameObject:
  m_ObjectHideFlags: 0
  m_CorrespondingSourceObject: {fileID: 0}
  m_PrefabInstance: {fileID: 0}
  m_PrefabAsset: {fileID: 0}
  serializedVersion: 6
  m_Component:
  - component: {fileID: 1008363644351448145}
  - component: {fileID: 9146779430105050916}
  - component: {fileID: 7829848001149069965}
  m_Layer: 0
  m_Name: LeftCurl
  m_TagString: Untagged
  m_Icon: {fileID: 0}
  m_NavMeshLayer: 0
  m_StaticEditorFlags: 0
  m_IsActive: 1
--- !u!4 &1008363644351448145
Transform:
  m_ObjectHideFlags: 0
  m_CorrespondingSourceObject: {fileID: 0}
  m_PrefabInstance: {fileID: 0}
  m_PrefabAsset: {fileID: 0}
  m_GameObject: {fileID: 3995283136892598981}
  m_LocalRotation: {x: 0, y: -0, z: 0.13398618, w: -0.9909832}
  m_LocalPosition: {x: 0.8, y: 6.17, z: 0}
  m_LocalScale: {x: 1, y: 1, z: 1}
  m_Children: []
  m_Father: {fileID: 4869265729350566696}
  m_RootOrder: 2
  m_LocalEulerAnglesHint: {x: 0, y: 0, z: 344.6}
--- !u!212 &9146779430105050916
SpriteRenderer:
  m_ObjectHideFlags: 0
  m_CorrespondingSourceObject: {fileID: 0}
  m_PrefabInstance: {fileID: 0}
  m_PrefabAsset: {fileID: 0}
  m_GameObject: {fileID: 3995283136892598981}
  m_Enabled: 1
  m_CastShadows: 0
  m_ReceiveShadows: 0
  m_DynamicOccludee: 1
  m_MotionVectors: 1
  m_LightProbeUsage: 1
  m_ReflectionProbeUsage: 1
  m_RayTracingMode: 0
  m_RenderingLayerMask: 1
  m_RendererPriority: 0
  m_Materials:
  - {fileID: 10754, guid: 0000000000000000f000000000000000, type: 0}
  m_StaticBatchInfo:
    firstSubMesh: 0
    subMeshCount: 0
  m_StaticBatchRoot: {fileID: 0}
  m_ProbeAnchor: {fileID: 0}
  m_LightProbeVolumeOverride: {fileID: 0}
  m_ScaleInLightmap: 1
  m_ReceiveGI: 1
  m_PreserveUVs: 0
  m_IgnoreNormalsForChartDetection: 0
  m_ImportantGI: 0
  m_StitchLightmapSeams: 1
  m_SelectedEditorRenderState: 0
  m_MinimumChartSize: 4
  m_AutoUVMaxDistance: 0.5
  m_AutoUVMaxAngle: 89
  m_LightmapParameters: {fileID: 0}
  m_SortingLayerID: 0
  m_SortingLayer: 0
  m_SortingOrder: 0
  m_Sprite: {fileID: 0}
  m_Color: {r: 1, g: 1, b: 1, a: 1}
  m_FlipX: 0
  m_FlipY: 0
  m_DrawMode: 0
  m_Size: {x: 78.6, y: 19.922003}
  m_AdaptiveModeThreshold: 0.5
  m_SpriteTileMode: 0
  m_WasSpriteAssigned: 0
  m_MaskInteraction: 0
  m_SpriteSortPoint: 0
--- !u!61 &7829848001149069965
BoxCollider2D:
  m_ObjectHideFlags: 0
  m_CorrespondingSourceObject: {fileID: 0}
  m_PrefabInstance: {fileID: 0}
  m_PrefabAsset: {fileID: 0}
  m_GameObject: {fileID: 3995283136892598981}
  m_Enabled: 1
  m_Density: 1
  m_Material: {fileID: 0}
  m_IsTrigger: 0
  m_UsedByEffector: 0
  m_UsedByComposite: 0
  m_Offset: {x: 0, y: 0}
  m_SpriteTilingProperty:
    border: {x: 0, y: 0, z: 0, w: 0}
    pivot: {x: 0.5, y: 0.5}
    oldSize: {x: 78.6, y: 19.922003}
    newSize: {x: 78.6, y: 19.922003}
    adaptiveTilingThreshold: 0.5
    drawMode: 0
    adaptiveTiling: 0
  m_AutoTiling: 0
  serializedVersion: 2
  m_Size: {x: 0.1, y: 1}
  m_EdgeRadius: 0
--- !u!1 &4303751677145113675
GameObject:
  m_ObjectHideFlags: 0
  m_CorrespondingSourceObject: {fileID: 0}
  m_PrefabInstance: {fileID: 0}
  m_PrefabAsset: {fileID: 0}
  serializedVersion: 6
  m_Component:
  - component: {fileID: 1268991186215054349}
  - component: {fileID: 6432351710840975634}
  - component: {fileID: 8684144037351067300}
  m_Layer: 0
  m_Name: BottonCurl
  m_TagString: Untagged
  m_Icon: {fileID: 0}
  m_NavMeshLayer: 0
  m_StaticEditorFlags: 0
  m_IsActive: 1
--- !u!4 &1268991186215054349
Transform:
  m_ObjectHideFlags: 0
  m_CorrespondingSourceObject: {fileID: 0}
  m_PrefabInstance: {fileID: 0}
  m_PrefabAsset: {fileID: 0}
  m_GameObject: {fileID: 4303751677145113675}
  m_LocalRotation: {x: 0, y: 0, z: 0, w: 1}
  m_LocalPosition: {x: 1.14, y: 6.1599994, z: 0}
  m_LocalScale: {x: 1, y: 1, z: 1}
  m_Children: []
  m_Father: {fileID: 4869265729350566696}
  m_RootOrder: 1
  m_LocalEulerAnglesHint: {x: 0, y: 0, z: 0}
--- !u!212 &6432351710840975634
SpriteRenderer:
  m_ObjectHideFlags: 0
  m_CorrespondingSourceObject: {fileID: 0}
  m_PrefabInstance: {fileID: 0}
  m_PrefabAsset: {fileID: 0}
  m_GameObject: {fileID: 4303751677145113675}
  m_Enabled: 1
  m_CastShadows: 0
  m_ReceiveShadows: 0
  m_DynamicOccludee: 1
  m_MotionVectors: 1
  m_LightProbeUsage: 1
  m_ReflectionProbeUsage: 1
  m_RayTracingMode: 0
  m_RenderingLayerMask: 1
  m_RendererPriority: 0
  m_Materials:
  - {fileID: 10754, guid: 0000000000000000f000000000000000, type: 0}
  m_StaticBatchInfo:
    firstSubMesh: 0
    subMeshCount: 0
  m_StaticBatchRoot: {fileID: 0}
  m_ProbeAnchor: {fileID: 0}
  m_LightProbeVolumeOverride: {fileID: 0}
  m_ScaleInLightmap: 1
  m_ReceiveGI: 1
  m_PreserveUVs: 0
  m_IgnoreNormalsForChartDetection: 0
  m_ImportantGI: 0
  m_StitchLightmapSeams: 1
  m_SelectedEditorRenderState: 0
  m_MinimumChartSize: 4
  m_AutoUVMaxDistance: 0.5
  m_AutoUVMaxAngle: 89
  m_LightmapParameters: {fileID: 0}
  m_SortingLayerID: 0
  m_SortingLayer: 0
  m_SortingOrder: 0
  m_Sprite: {fileID: 0}
  m_Color: {r: 1, g: 1, b: 1, a: 1}
  m_FlipX: 0
  m_FlipY: 0
  m_DrawMode: 0
  m_Size: {x: 78.6, y: 19.922003}
  m_AdaptiveModeThreshold: 0.5
  m_SpriteTileMode: 0
  m_WasSpriteAssigned: 0
  m_MaskInteraction: 0
  m_SpriteSortPoint: 0
--- !u!61 &8684144037351067300
BoxCollider2D:
  m_ObjectHideFlags: 0
  m_CorrespondingSourceObject: {fileID: 0}
  m_PrefabInstance: {fileID: 0}
  m_PrefabAsset: {fileID: 0}
  m_GameObject: {fileID: 4303751677145113675}
  m_Enabled: 1
  m_Density: 1
  m_Material: {fileID: 0}
  m_IsTrigger: 0
  m_UsedByEffector: 0
  m_UsedByComposite: 0
  m_Offset: {x: 0, y: 0}
  m_SpriteTilingProperty:
    border: {x: 0, y: 0, z: 0, w: 0}
    pivot: {x: 0.5, y: 0.5}
    oldSize: {x: 78.6, y: 19.922003}
    newSize: {x: 78.6, y: 19.922003}
    adaptiveTilingThreshold: 0.5
    drawMode: 0
    adaptiveTiling: 0
  m_AutoTiling: 0
  serializedVersion: 2
  m_Size: {x: 1, y: 0.1}
  m_EdgeRadius: 0
--- !u!1 &4869265729350566697
GameObject:
  m_ObjectHideFlags: 0
  m_CorrespondingSourceObject: {fileID: 0}
  m_PrefabInstance: {fileID: 0}
  m_PrefabAsset: {fileID: 0}
  serializedVersion: 6
  m_Component:
  - component: {fileID: 4869265729350566696}
  - component: {fileID: 4869265729350566699}
  - component: {fileID: 4869265729350566709}
  - component: {fileID: 4869265729350566698}
  m_Layer: 12
  m_Name: Stage3ObjectLamp02
  m_TagString: Untagged
  m_Icon: {fileID: 0}
  m_NavMeshLayer: 0
  m_StaticEditorFlags: 0
  m_IsActive: 1
--- !u!4 &4869265729350566696
Transform:
  m_ObjectHideFlags: 0
  m_CorrespondingSourceObject: {fileID: 0}
  m_PrefabInstance: {fileID: 0}
  m_PrefabAsset: {fileID: 0}
  m_GameObject: {fileID: 4869265729350566697}
  m_LocalRotation: {x: 0, y: 0, z: 0, w: 1}
  m_LocalPosition: {x: -5.744, y: -0.014, z: 0}
  m_LocalScale: {x: 0.095, y: 0.095, z: 1}
  m_Children:
  - {fileID: 5921339473688907480}
  - {fileID: 1268991186215054349}
  - {fileID: 1008363644351448145}
  - {fileID: 8117594695883779910}
  m_Father: {fileID: 0}
  m_RootOrder: 0
  m_LocalEulerAnglesHint: {x: 0, y: 0, z: 0}
--- !u!212 &4869265729350566699
SpriteRenderer:
  m_ObjectHideFlags: 0
  m_CorrespondingSourceObject: {fileID: 0}
  m_PrefabInstance: {fileID: 0}
  m_PrefabAsset: {fileID: 0}
  m_GameObject: {fileID: 4869265729350566697}
  m_Enabled: 1
  m_CastShadows: 0
  m_ReceiveShadows: 0
  m_DynamicOccludee: 1
  m_MotionVectors: 1
  m_LightProbeUsage: 1
  m_ReflectionProbeUsage: 1
  m_RayTracingMode: 0
  m_RenderingLayerMask: 1
  m_RendererPriority: 0
  m_Materials:
  - {fileID: 10754, guid: 0000000000000000f000000000000000, type: 0}
  m_StaticBatchInfo:
    firstSubMesh: 0
    subMeshCount: 0
  m_StaticBatchRoot: {fileID: 0}
  m_ProbeAnchor: {fileID: 0}
  m_LightProbeVolumeOverride: {fileID: 0}
  m_ScaleInLightmap: 1
  m_ReceiveGI: 1
  m_PreserveUVs: 0
  m_IgnoreNormalsForChartDetection: 0
  m_ImportantGI: 0
  m_StitchLightmapSeams: 0
  m_SelectedEditorRenderState: 0
  m_MinimumChartSize: 4
  m_AutoUVMaxDistance: 0.5
  m_AutoUVMaxAngle: 89
  m_LightmapParameters: {fileID: 0}
  m_SortingLayerID: 192010621
  m_SortingLayer: 2
  m_SortingOrder: 0
  m_Sprite: {fileID: 21300024, guid: a9f7744b6660b55489087033da23d6e9, type: 3}
  m_Color: {r: 1, g: 1, b: 1, a: 1}
  m_FlipX: 0
  m_FlipY: 0
  m_DrawMode: 0
  m_Size: {x: 1.63, y: 7.1}
  m_AdaptiveModeThreshold: 0.5
  m_SpriteTileMode: 0
  m_WasSpriteAssigned: 1
  m_MaskInteraction: 0
  m_SpriteSortPoint: 0
--- !u!58 &4869265729350566709
CircleCollider2D:
  m_ObjectHideFlags: 0
  m_CorrespondingSourceObject: {fileID: 0}
  m_PrefabInstance: {fileID: 0}
  m_PrefabAsset: {fileID: 0}
  m_GameObject: {fileID: 4869265729350566697}
  m_Enabled: 1
  m_Density: 1
  m_Material: {fileID: 0}
  m_IsTrigger: 0
  m_UsedByEffector: 0
  m_UsedByComposite: 0
  m_Offset: {x: 1.080381, y: 5.8116794}
  serializedVersion: 2
  m_Radius: 0.9947069
--- !u!114 &4869265729350566698
MonoBehaviour:
  m_ObjectHideFlags: 0
  m_CorrespondingSourceObject: {fileID: 0}
  m_PrefabInstance: {fileID: 0}
  m_PrefabAsset: {fileID: 0}
  m_GameObject: {fileID: 4869265729350566697}
  m_Enabled: 1
  m_EditorHideFlags: 0
  m_Script: {fileID: 11500000, guid: 3ef639f70473bb44e98b1278918ef420, type: 3}
  m_Name: 
  m_EditorClassIdentifier: 
  lampLight: {fileID: 4408105976686392735}
  minLight: 0
  maxLight: 1
  offTime: 1
  onTime: 1
  isRandomLight: 0
  isBroken: 0
--- !u!1 &5818535584808921525
GameObject:
  m_ObjectHideFlags: 0
  m_CorrespondingSourceObject: {fileID: 0}
  m_PrefabInstance: {fileID: 0}
  m_PrefabAsset: {fileID: 0}
  serializedVersion: 6
  m_Component:
  - component: {fileID: 8117594695883779910}
  - component: {fileID: 6491563959530073393}
  - component: {fileID: 5729270770912913024}
  m_Layer: 0
  m_Name: RightCurl
  m_TagString: Untagged
  m_Icon: {fileID: 0}
  m_NavMeshLayer: 0
  m_StaticEditorFlags: 0
  m_IsActive: 1
--- !u!4 &8117594695883779910
Transform:
  m_ObjectHideFlags: 0
  m_CorrespondingSourceObject: {fileID: 0}
  m_PrefabInstance: {fileID: 0}
  m_PrefabAsset: {fileID: 0}
  m_GameObject: {fileID: 5818535584808921525}
  m_LocalRotation: {x: -0, y: 0, z: -0.13571581, w: -0.9907478}
  m_LocalPosition: {x: 1.35, y: 6.21, z: 0}
  m_LocalScale: {x: 1, y: 1, z: 1}
  m_Children: []
  m_Father: {fileID: 4869265729350566696}
  m_RootOrder: 3
  m_LocalEulerAnglesHint: {x: 0, y: 0, z: -344.4}
--- !u!212 &6491563959530073393
SpriteRenderer:
  m_ObjectHideFlags: 0
  m_CorrespondingSourceObject: {fileID: 0}
  m_PrefabInstance: {fileID: 0}
  m_PrefabAsset: {fileID: 0}
  m_GameObject: {fileID: 5818535584808921525}
  m_Enabled: 1
  m_CastShadows: 0
  m_ReceiveShadows: 0
  m_DynamicOccludee: 1
  m_MotionVectors: 1
  m_LightProbeUsage: 1
  m_ReflectionProbeUsage: 1
  m_RayTracingMode: 0
  m_RenderingLayerMask: 1
  m_RendererPriority: 0
  m_Materials:
  - {fileID: 10754, guid: 0000000000000000f000000000000000, type: 0}
  m_StaticBatchInfo:
    firstSubMesh: 0
    subMeshCount: 0
  m_StaticBatchRoot: {fileID: 0}
  m_ProbeAnchor: {fileID: 0}
  m_LightProbeVolumeOverride: {fileID: 0}
  m_ScaleInLightmap: 1
  m_ReceiveGI: 1
  m_PreserveUVs: 0
  m_IgnoreNormalsForChartDetection: 0
  m_ImportantGI: 0
  m_StitchLightmapSeams: 1
  m_SelectedEditorRenderState: 0
  m_MinimumChartSize: 4
  m_AutoUVMaxDistance: 0.5
  m_AutoUVMaxAngle: 89
  m_LightmapParameters: {fileID: 0}
  m_SortingLayerID: 0
  m_SortingLayer: 0
  m_SortingOrder: 0
  m_Sprite: {fileID: 0}
  m_Color: {r: 1, g: 1, b: 1, a: 1}
  m_FlipX: 0
  m_FlipY: 0
  m_DrawMode: 0
  m_Size: {x: 78.6, y: 19.922003}
  m_AdaptiveModeThreshold: 0.5
  m_SpriteTileMode: 0
  m_WasSpriteAssigned: 0
  m_MaskInteraction: 0
  m_SpriteSortPoint: 0
--- !u!61 &5729270770912913024
BoxCollider2D:
  m_ObjectHideFlags: 0
  m_CorrespondingSourceObject: {fileID: 0}
  m_PrefabInstance: {fileID: 0}
  m_PrefabAsset: {fileID: 0}
  m_GameObject: {fileID: 5818535584808921525}
  m_Enabled: 1
  m_Density: 1
  m_Material: {fileID: 0}
  m_IsTrigger: 0
  m_UsedByEffector: 0
  m_UsedByComposite: 0
  m_Offset: {x: 0, y: 0}
  m_SpriteTilingProperty:
    border: {x: 0, y: 0, z: 0, w: 0}
    pivot: {x: 0.5, y: 0.5}
    oldSize: {x: 78.6, y: 19.922003}
    newSize: {x: 78.6, y: 19.922003}
    adaptiveTilingThreshold: 0.5
    drawMode: 0
    adaptiveTiling: 0
  m_AutoTiling: 0
  serializedVersion: 2
  m_Size: {x: 0.1, y: 1}
  m_EdgeRadius: 0
--- !u!1001 &4869265729068106995
PrefabInstance:
  m_ObjectHideFlags: 0
  serializedVersion: 2
  m_Modification:
    m_TransformParent: {fileID: 4869265729350566696}
    m_Modifications:
    - target: {fileID: 1278962375649610277, guid: d95da88540d2d6e44a0c4c40c581b24a,
        type: 3}
      propertyPath: m_Mesh
      value: 
      objectReference: {fileID: 0}
    - target: {fileID: 1278962375649610280, guid: d95da88540d2d6e44a0c4c40c581b24a,
        type: 3}
      propertyPath: m_Name
      value: Light2D
      objectReference: {fileID: 0}
    - target: {fileID: 1278962375649610280, guid: d95da88540d2d6e44a0c4c40c581b24a,
        type: 3}
      propertyPath: m_IsActive
      value: 1
      objectReference: {fileID: 0}
    - target: {fileID: 1278962375649610280, guid: d95da88540d2d6e44a0c4c40c581b24a,
        type: 3}
      propertyPath: m_Layer
      value: 12
      objectReference: {fileID: 0}
    - target: {fileID: 1278962375649610283, guid: d95da88540d2d6e44a0c4c40c581b24a,
        type: 3}
      propertyPath: m_LocalPosition.x
      value: 1.11
      objectReference: {fileID: 0}
    - target: {fileID: 1278962375649610283, guid: d95da88540d2d6e44a0c4c40c581b24a,
        type: 3}
      propertyPath: m_LocalPosition.y
      value: 5.88
      objectReference: {fileID: 0}
    - target: {fileID: 1278962375649610283, guid: d95da88540d2d6e44a0c4c40c581b24a,
        type: 3}
      propertyPath: m_LocalPosition.z
      value: 0
      objectReference: {fileID: 0}
    - target: {fileID: 1278962375649610283, guid: d95da88540d2d6e44a0c4c40c581b24a,
        type: 3}
      propertyPath: m_LocalRotation.x
      value: 0
      objectReference: {fileID: 0}
    - target: {fileID: 1278962375649610283, guid: d95da88540d2d6e44a0c4c40c581b24a,
        type: 3}
      propertyPath: m_LocalRotation.y
      value: 0
      objectReference: {fileID: 0}
    - target: {fileID: 1278962375649610283, guid: d95da88540d2d6e44a0c4c40c581b24a,
        type: 3}
      propertyPath: m_LocalRotation.z
      value: 0
      objectReference: {fileID: 0}
    - target: {fileID: 1278962375649610283, guid: d95da88540d2d6e44a0c4c40c581b24a,
        type: 3}
      propertyPath: m_LocalRotation.w
      value: 1
      objectReference: {fileID: 0}
    - target: {fileID: 1278962375649610283, guid: d95da88540d2d6e44a0c4c40c581b24a,
        type: 3}
      propertyPath: m_RootOrder
      value: 0
      objectReference: {fileID: 0}
    - target: {fileID: 1278962375649610283, guid: d95da88540d2d6e44a0c4c40c581b24a,
        type: 3}
      propertyPath: m_LocalEulerAnglesHint.x
      value: 0
      objectReference: {fileID: 0}
    - target: {fileID: 1278962375649610283, guid: d95da88540d2d6e44a0c4c40c581b24a,
        type: 3}
      propertyPath: m_LocalEulerAnglesHint.y
      value: 0
      objectReference: {fileID: 0}
    - target: {fileID: 1278962375649610283, guid: d95da88540d2d6e44a0c4c40c581b24a,
        type: 3}
      propertyPath: m_LocalEulerAnglesHint.z
      value: 0
      objectReference: {fileID: 0}
    - target: {fileID: 1278962375649610283, guid: d95da88540d2d6e44a0c4c40c581b24a,
        type: 3}
      propertyPath: m_LocalScale.x
      value: 1
      objectReference: {fileID: 0}
    - target: {fileID: 1278962375649610283, guid: d95da88540d2d6e44a0c4c40c581b24a,
        type: 3}
      propertyPath: m_LocalScale.y
      value: 1
      objectReference: {fileID: 0}
    - target: {fileID: 9133201526527734124, guid: d95da88540d2d6e44a0c4c40c581b24a,
        type: 3}
      propertyPath: position.x
      value: -89.8855
      objectReference: {fileID: 0}
    - target: {fileID: 9133201526527734124, guid: d95da88540d2d6e44a0c4c40c581b24a,
        type: 3}
      propertyPath: position.y
      value: 34.946003
      objectReference: {fileID: 0}
    - target: {fileID: 9133201526527734124, guid: d95da88540d2d6e44a0c4c40c581b24a,
        type: 3}
      propertyPath: Intensity
      value: 0.7
      objectReference: {fileID: 0}
    - target: {fileID: 9133201526527734124, guid: d95da88540d2d6e44a0c4c40c581b24a,
        type: 3}
      propertyPath: TransformIsDirty
      value: 0
      objectReference: {fileID: 0}
    - target: {fileID: 9133201526527734124, guid: d95da88540d2d6e44a0c4c40c581b24a,
        type: 3}
      propertyPath: ContactFilter.useLayerMask
      value: 1
      objectReference: {fileID: 0}
    - target: {fileID: 9133201526527734124, guid: d95da88540d2d6e44a0c4c40c581b24a,
        type: 3}
      propertyPath: ContactFilter.layerMask.m_Bits
      value: 12087
      objectReference: {fileID: 0}
    - target: {fileID: 9133201526527734124, guid: d95da88540d2d6e44a0c4c40c581b24a,
        type: 3}
      propertyPath: filteringSettings.layerMask.m_Bits
      value: 12087
      objectReference: {fileID: 0}
    - target: {fileID: 9133201526527734124, guid: d95da88540d2d6e44a0c4c40c581b24a,
        type: 3}
      propertyPath: needUpdate
      value: 0
      objectReference: {fileID: 0}
    - target: {fileID: 9133201526527734124, guid: d95da88540d2d6e44a0c4c40c581b24a,
        type: 3}
      propertyPath: Range
      value: 10
      objectReference: {fileID: 0}
    m_RemovedComponents: []
  m_SourcePrefab: {fileID: 100100000, guid: d95da88540d2d6e44a0c4c40c581b24a, type: 3}
--- !u!4 &5921339473688907480 stripped
Transform:
  m_CorrespondingSourceObject: {fileID: 1278962375649610283, guid: d95da88540d2d6e44a0c4c40c581b24a,
    type: 3}
  m_PrefabInstance: {fileID: 4869265729068106995}
  m_PrefabAsset: {fileID: 0}
--- !u!114 &4408105976686392735 stripped
MonoBehaviour:
  m_CorrespondingSourceObject: {fileID: 9133201526527734124, guid: d95da88540d2d6e44a0c4c40c581b24a,
    type: 3}
  m_PrefabInstance: {fileID: 4869265729068106995}
  m_PrefabAsset: {fileID: 0}
  m_GameObject: {fileID: 0}
  m_Enabled: 1
  m_EditorHideFlags: 0
  m_Script: {fileID: -553817549, guid: a18d607b5ef4c264aab6c335019691c7, type: 3}
  m_Name: 
  m_EditorClassIdentifier: 
