%YAML 1.1
%TAG !u! tag:unity3d.com,2011:
--- !u!1 &1685977586261166393
GameObject:
  m_ObjectHideFlags: 0
  m_CorrespondingSourceObject: {fileID: 0}
  m_PrefabInstance: {fileID: 0}
  m_PrefabAsset: {fileID: 0}
  serializedVersion: 6
  m_Component:
  - component: {fileID: 1685977586261166534}
  - component: {fileID: 1685977586261166535}
  m_Layer: 0
  m_Name: Body
  m_TagString: Untagged
  m_Icon: {fileID: 0}
  m_NavMeshLayer: 0
  m_StaticEditorFlags: 0
  m_IsActive: 1
--- !u!4 &1685977586261166534
Transform:
  m_ObjectHideFlags: 0
  m_CorrespondingSourceObject: {fileID: 0}
  m_PrefabInstance: {fileID: 0}
  m_PrefabAsset: {fileID: 0}
  m_GameObject: {fileID: 1685977586261166393}
  m_LocalRotation: {x: -0, y: -0, z: -0, w: 1}
  m_LocalPosition: {x: 0, y: 0, z: 2}
  m_LocalScale: {x: 1.5, y: 1.5, z: 1}
  m_Children: []
  m_Father: {fileID: 1685977587936842247}
  m_RootOrder: 2
  m_LocalEulerAnglesHint: {x: 0, y: 0, z: 0}
--- !u!212 &1685977586261166535
SpriteRenderer:
  m_ObjectHideFlags: 0
  m_CorrespondingSourceObject: {fileID: 0}
  m_PrefabInstance: {fileID: 0}
  m_PrefabAsset: {fileID: 0}
  m_GameObject: {fileID: 1685977586261166393}
  m_Enabled: 1
  m_CastShadows: 0
  m_ReceiveShadows: 0
  m_DynamicOccludee: 1
  m_MotionVectors: 1
  m_LightProbeUsage: 1
  m_ReflectionProbeUsage: 1
  m_RenderingLayerMask: 1
  m_RendererPriority: 0
  m_Materials:
  - {fileID: 10754, guid: 0000000000000000f000000000000000, type: 0}
  m_StaticBatchInfo:
    firstSubMesh: 0
    subMeshCount: 0
  m_StaticBatchRoot: {fileID: 0}
  m_ProbeAnchor: {fileID: 0}
  m_LightProbeVolumeOverride: {fileID: 0}
  m_ScaleInLightmap: 1
  m_PreserveUVs: 0
  m_IgnoreNormalsForChartDetection: 0
  m_ImportantGI: 0
  m_StitchLightmapSeams: 0
  m_SelectedEditorRenderState: 0
  m_MinimumChartSize: 4
  m_AutoUVMaxDistance: 0.5
  m_AutoUVMaxAngle: 89
  m_LightmapParameters: {fileID: 0}
  m_SortingLayerID: 0
  m_SortingLayer: 0
  m_SortingOrder: 0
  m_Sprite: {fileID: 21300278, guid: 8b667716062fe4841b46681a2d5d15bf, type: 3}
  m_Color: {r: 1, g: 1, b: 1, a: 1}
  m_FlipX: 0
  m_FlipY: 0
  m_DrawMode: 0
  m_Size: {x: 1.45, y: 2.1}
  m_AdaptiveModeThreshold: 0.5
  m_SpriteTileMode: 0
  m_WasSpriteAssigned: 1
  m_MaskInteraction: 0
  m_SpriteSortPoint: 0
--- !u!1 &1685977586451913329
GameObject:
  m_ObjectHideFlags: 0
  m_CorrespondingSourceObject: {fileID: 0}
  m_PrefabInstance: {fileID: 0}
  m_PrefabAsset: {fileID: 0}
  serializedVersion: 6
  m_Component:
  - component: {fileID: 1685977586451913342}
  m_Layer: 0
  m_Name: target
  m_TagString: Untagged
  m_Icon: {fileID: 0}
  m_NavMeshLayer: 0
  m_StaticEditorFlags: 0
  m_IsActive: 1
--- !u!4 &1685977586451913342
Transform:
  m_ObjectHideFlags: 0
  m_CorrespondingSourceObject: {fileID: 0}
  m_PrefabInstance: {fileID: 0}
  m_PrefabAsset: {fileID: 0}
  m_GameObject: {fileID: 1685977586451913329}
  m_LocalRotation: {x: -0, y: -0, z: -0, w: 1}
  m_LocalPosition: {x: 1.79, y: -0.98, z: 1}
  m_LocalScale: {x: 1, y: 1, z: 1}
  m_Children: []
  m_Father: {fileID: 1685977587303316226}
  m_RootOrder: 1
  m_LocalEulerAnglesHint: {x: 0, y: 0, z: 0}
--- !u!1 &1685977587303316229
GameObject:
  m_ObjectHideFlags: 0
  m_CorrespondingSourceObject: {fileID: 0}
  m_PrefabInstance: {fileID: 0}
  m_PrefabAsset: {fileID: 0}
  serializedVersion: 6
  m_Component:
  - component: {fileID: 1685977587303316226}
  - component: {fileID: 1685977587303316227}
  m_Layer: 0
  m_Name: GrandMama&Bird
  m_TagString: Untagged
  m_Icon: {fileID: 0}
  m_NavMeshLayer: 0
  m_StaticEditorFlags: 0
  m_IsActive: 1
--- !u!4 &1685977587303316226
Transform:
  m_ObjectHideFlags: 0
  m_CorrespondingSourceObject: {fileID: 0}
  m_PrefabInstance: {fileID: 0}
  m_PrefabAsset: {fileID: 0}
  m_GameObject: {fileID: 1685977587303316229}
  m_LocalRotation: {x: 0, y: 0, z: 0, w: 1}
  m_LocalPosition: {x: 0, y: -7.74, z: -2}
  m_LocalScale: {x: 1, y: 1, z: 1}
  m_Children:
  - {fileID: 1685977587936842247}
  - {fileID: 1685977586451913342}
  - {fileID: 1685977587741919735}
  m_Father: {fileID: 0}
  m_RootOrder: 0
  m_LocalEulerAnglesHint: {x: 0, y: 0, z: 0}
--- !u!114 &1685977587303316227
MonoBehaviour:
  m_ObjectHideFlags: 0
  m_CorrespondingSourceObject: {fileID: 0}
  m_PrefabInstance: {fileID: 0}
  m_PrefabAsset: {fileID: 0}
  m_GameObject: {fileID: 1685977587303316229}
  m_Enabled: 1
  m_EditorHideFlags: 0
  m_Script: {fileID: 11500000, guid: 80c9452cd276a884fb9a560b8dea8525, type: 3}
  m_Name: 
  m_EditorClassIdentifier: 
  time: 1
  birdNum: 0
  emptySnack: {fileID: 6629713549378473174, guid: 575fb2cb8ec333a49934941447a2df6f,
    type: 3}
  snack:
  - {fileID: 21300316, guid: 8b667716062fe4841b46681a2d5d15bf, type: 3}
  - {fileID: 21300318, guid: 8b667716062fe4841b46681a2d5d15bf, type: 3}
  - {fileID: 21300320, guid: 8b667716062fe4841b46681a2d5d15bf, type: 3}
  - {fileID: 21300322, guid: 8b667716062fe4841b46681a2d5d15bf, type: 3}
  - {fileID: 21300324, guid: 8b667716062fe4841b46681a2d5d15bf, type: 3}
  flyingBird:
  - {fileID: 6025844439109789207, guid: c5ada581a0862b449a1db2bbfb7adb78, type: 3}
  - {fileID: 6025844439109789207, guid: c5ada581a0862b449a1db2bbfb7adb78, type: 3}
  - {fileID: 6025844439109789207, guid: c5ada581a0862b449a1db2bbfb7adb78, type: 3}
  standingBird: 5
  spreadSnack: 0
  flyingBirdX:
  - 0
  - 0
  flyingBirdY: 0
  exitPosXY:
  - 0
  - 0
  - 0
--- !u!1 &1685977587741919734
GameObject:
  m_ObjectHideFlags: 0
  m_CorrespondingSourceObject: {fileID: 0}
  m_PrefabInstance: {fileID: 0}
  m_PrefabAsset: {fileID: 0}
  serializedVersion: 6
  m_Component:
  - component: {fileID: 1685977587741919735}
  m_Layer: 0
  m_Name: Bird
  m_TagString: Untagged
  m_Icon: {fileID: 0}
  m_NavMeshLayer: 0
  m_StaticEditorFlags: 0
  m_IsActive: 1
--- !u!4 &1685977587741919735
Transform:
  m_ObjectHideFlags: 0
  m_CorrespondingSourceObject: {fileID: 0}
  m_PrefabInstance: {fileID: 0}
  m_PrefabAsset: {fileID: 0}
  m_GameObject: {fileID: 1685977587741919734}
  m_LocalRotation: {x: 0, y: 0, z: 0, w: 1}
  m_LocalPosition: {x: 0, y: 0, z: 0}
  m_LocalScale: {x: 1, y: 1, z: 1}
  m_Children:
  - {fileID: 1685977587621981201}
  - {fileID: 2287354293725876718}
  - {fileID: 2287354291884081081}
  - {fileID: 2287354292595080050}
  - {fileID: 2287354292639048937}
  m_Father: {fileID: 1685977587303316226}
  m_RootOrder: 2
  m_LocalEulerAnglesHint: {x: 0, y: 0, z: 0}
--- !u!1 &1685977587861480312
GameObject:
  m_ObjectHideFlags: 0
  m_CorrespondingSourceObject: {fileID: 0}
  m_PrefabInstance: {fileID: 0}
  m_PrefabAsset: {fileID: 0}
  serializedVersion: 6
  m_Component:
  - component: {fileID: 1685977587861480313}
  - component: {fileID: 1685977587861480198}
  m_Layer: 0
  m_Name: Hand
  m_TagString: Untagged
  m_Icon: {fileID: 0}
  m_NavMeshLayer: 0
  m_StaticEditorFlags: 0
  m_IsActive: 1
--- !u!4 &1685977587861480313
Transform:
  m_ObjectHideFlags: 0
  m_CorrespondingSourceObject: {fileID: 0}
  m_PrefabInstance: {fileID: 0}
  m_PrefabAsset: {fileID: 0}
  m_GameObject: {fileID: 1685977587861480312}
  m_LocalRotation: {x: 0, y: 0, z: -0.17226209, w: 0.98505116}
  m_LocalPosition: {x: 0.5, y: 1.07, z: 2.5}
  m_LocalScale: {x: 1.5, y: 1.5, z: 1}
  m_Children: []
  m_Father: {fileID: 1685977587936842247}
  m_RootOrder: 1
  m_LocalEulerAnglesHint: {x: 0, y: 0, z: -20}
--- !u!212 &1685977587861480198
SpriteRenderer:
  m_ObjectHideFlags: 0
  m_CorrespondingSourceObject: {fileID: 0}
  m_PrefabInstance: {fileID: 0}
  m_PrefabAsset: {fileID: 0}
  m_GameObject: {fileID: 1685977587861480312}
  m_Enabled: 1
  m_CastShadows: 0
  m_ReceiveShadows: 0
  m_DynamicOccludee: 1
  m_MotionVectors: 1
  m_LightProbeUsage: 1
  m_ReflectionProbeUsage: 1
  m_RenderingLayerMask: 1
  m_RendererPriority: 0
  m_Materials:
  - {fileID: 10754, guid: 0000000000000000f000000000000000, type: 0}
  m_StaticBatchInfo:
    firstSubMesh: 0
    subMeshCount: 0
  m_StaticBatchRoot: {fileID: 0}
  m_ProbeAnchor: {fileID: 0}
  m_LightProbeVolumeOverride: {fileID: 0}
  m_ScaleInLightmap: 1
  m_PreserveUVs: 0
  m_IgnoreNormalsForChartDetection: 0
  m_ImportantGI: 0
  m_StitchLightmapSeams: 0
  m_SelectedEditorRenderState: 0
  m_MinimumChartSize: 4
  m_AutoUVMaxDistance: 0.5
  m_AutoUVMaxAngle: 89
  m_LightmapParameters: {fileID: 0}
  m_SortingLayerID: 0
  m_SortingLayer: 0
  m_SortingOrder: 0
  m_Sprite: {fileID: 21300280, guid: 8b667716062fe4841b46681a2d5d15bf, type: 3}
  m_Color: {r: 1, g: 1, b: 1, a: 1}
  m_FlipX: 0
  m_FlipY: 0
  m_DrawMode: 0
  m_Size: {x: 0.98, y: 1.28}
  m_AdaptiveModeThreshold: 0.5
  m_SpriteTileMode: 0
  m_WasSpriteAssigned: 1
  m_MaskInteraction: 0
  m_SpriteSortPoint: 0
--- !u!1 &1685977587878058169
GameObject:
  m_ObjectHideFlags: 0
  m_CorrespondingSourceObject: {fileID: 0}
  m_PrefabInstance: {fileID: 0}
  m_PrefabAsset: {fileID: 0}
  serializedVersion: 6
  m_Component:
  - component: {fileID: 1685977587878059846}
  - component: {fileID: 1685977587878059847}
  m_Layer: 0
  m_Name: Head
  m_TagString: Untagged
  m_Icon: {fileID: 0}
  m_NavMeshLayer: 0
  m_StaticEditorFlags: 0
  m_IsActive: 1
--- !u!4 &1685977587878059846
Transform:
  m_ObjectHideFlags: 0
  m_CorrespondingSourceObject: {fileID: 0}
  m_PrefabInstance: {fileID: 0}
  m_PrefabAsset: {fileID: 0}
  m_GameObject: {fileID: 1685977587878058169}
  m_LocalRotation: {x: -0, y: -0, z: -0, w: 1}
  m_LocalPosition: {x: 0.05, y: 0.74, z: 2}
  m_LocalScale: {x: 1.5, y: 1.5, z: 1}
  m_Children: []
  m_Father: {fileID: 1685977587936842247}
  m_RootOrder: 0
  m_LocalEulerAnglesHint: {x: 0, y: 0, z: 0}
--- !u!212 &1685977587878059847
SpriteRenderer:
  m_ObjectHideFlags: 0
  m_CorrespondingSourceObject: {fileID: 0}
  m_PrefabInstance: {fileID: 0}
  m_PrefabAsset: {fileID: 0}
  m_GameObject: {fileID: 1685977587878058169}
  m_Enabled: 1
  m_CastShadows: 0
  m_ReceiveShadows: 0
  m_DynamicOccludee: 1
  m_MotionVectors: 1
  m_LightProbeUsage: 1
  m_ReflectionProbeUsage: 1
  m_RenderingLayerMask: 1
  m_RendererPriority: 0
  m_Materials:
  - {fileID: 10754, guid: 0000000000000000f000000000000000, type: 0}
  m_StaticBatchInfo:
    firstSubMesh: 0
    subMeshCount: 0
  m_StaticBatchRoot: {fileID: 0}
  m_ProbeAnchor: {fileID: 0}
  m_LightProbeVolumeOverride: {fileID: 0}
  m_ScaleInLightmap: 1
  m_PreserveUVs: 0
  m_IgnoreNormalsForChartDetection: 0
  m_ImportantGI: 0
  m_StitchLightmapSeams: 0
  m_SelectedEditorRenderState: 0
  m_MinimumChartSize: 4
  m_AutoUVMaxDistance: 0.5
  m_AutoUVMaxAngle: 89
  m_LightmapParameters: {fileID: 0}
  m_SortingLayerID: 0
  m_SortingLayer: 0
  m_SortingOrder: 1
  m_Sprite: {fileID: 21300276, guid: 8b667716062fe4841b46681a2d5d15bf, type: 3}
  m_Color: {r: 1, g: 1, b: 1, a: 1}
  m_FlipX: 0
  m_FlipY: 0
  m_DrawMode: 0
  m_Size: {x: 1, y: 0.98}
  m_AdaptiveModeThreshold: 0.5
  m_SpriteTileMode: 0
  m_WasSpriteAssigned: 1
  m_MaskInteraction: 0
  m_SpriteSortPoint: 0
--- !u!1 &1685977587936842361
GameObject:
  m_ObjectHideFlags: 0
  m_CorrespondingSourceObject: {fileID: 0}
  m_PrefabInstance: {fileID: 0}
  m_PrefabAsset: {fileID: 0}
  serializedVersion: 6
  m_Component:
  - component: {fileID: 1685977587936842247}
  - component: {fileID: 1685977587936842246}
  - component: {fileID: 1685977587936842244}
  m_Layer: 0
  m_Name: GrandMama
  m_TagString: grandMama
  m_Icon: {fileID: 0}
  m_NavMeshLayer: 0
  m_StaticEditorFlags: 0
  m_IsActive: 1
--- !u!4 &1685977587936842247
Transform:
  m_ObjectHideFlags: 0
  m_CorrespondingSourceObject: {fileID: 0}
  m_PrefabInstance: {fileID: 0}
  m_PrefabAsset: {fileID: 0}
  m_GameObject: {fileID: 1685977587936842361}
  m_LocalRotation: {x: -0, y: -0, z: -0, w: 1}
  m_LocalPosition: {x: 0.11, y: -0.63, z: -3}
  m_LocalScale: {x: 1.2, y: 1.2, z: 1}
  m_Children:
  - {fileID: 1685977587878059846}
  - {fileID: 1685977587861480313}
  - {fileID: 1685977586261166534}
  m_Father: {fileID: 1685977587303316226}
  m_RootOrder: 0
  m_LocalEulerAnglesHint: {x: 0, y: 0, z: 0}
--- !u!61 &1685977587936842246
BoxCollider2D:
  m_ObjectHideFlags: 0
  m_CorrespondingSourceObject: {fileID: 0}
  m_PrefabInstance: {fileID: 0}
  m_PrefabAsset: {fileID: 0}
  m_GameObject: {fileID: 1685977587936842361}
  m_Enabled: 1
  m_Density: 1
  m_Material: {fileID: 0}
  m_IsTrigger: 0
  m_UsedByEffector: 0
  m_UsedByComposite: 0
  m_Offset: {x: 0, y: 0.5}
  m_SpriteTilingProperty:
    border: {x: 0, y: 0, z: 0, w: 0}
    pivot: {x: 0, y: 0}
    oldSize: {x: 0, y: 0}
    newSize: {x: 0, y: 0}
    adaptiveTilingThreshold: 0
    drawMode: 0
    adaptiveTiling: 0
  m_AutoTiling: 0
  serializedVersion: 2
  m_Size: {x: 3, y: 4}
  m_EdgeRadius: 0
--- !u!95 &1685977587936842244
Animator:
  serializedVersion: 3
  m_ObjectHideFlags: 0
  m_CorrespondingSourceObject: {fileID: 0}
  m_PrefabInstance: {fileID: 0}
  m_PrefabAsset: {fileID: 0}
  m_GameObject: {fileID: 1685977587936842361}
  m_Enabled: 1
  m_Avatar: {fileID: 0}
  m_Controller: {fileID: 9100000, guid: 52f843bbee7bf1742ac55ec290d41a21, type: 2}
  m_CullingMode: 0
  m_UpdateMode: 0
  m_ApplyRootMotion: 0
  m_LinearVelocityBlending: 0
  m_WarningMessage: 
  m_HasTransformHierarchy: 1
  m_AllowConstantClipSamplingOptimization: 1
  m_KeepAnimatorControllerStateOnDisable: 0
--- !u!1001 &1685977585911159679
PrefabInstance:
  m_ObjectHideFlags: 0
  serializedVersion: 2
  m_Modification:
    m_TransformParent: {fileID: 1685977587741919735}
    m_Modifications:
    - target: {fileID: 638274414594943431, guid: c1b43b7313cdf204b90cde22b88e4f8a,
        type: 3}
      propertyPath: m_Name
      value: Bird_S 2
      objectReference: {fileID: 0}
    - target: {fileID: 638274415473166993, guid: c1b43b7313cdf204b90cde22b88e4f8a,
        type: 3}
      propertyPath: m_LocalPosition.x
      value: 1.3299999
      objectReference: {fileID: 0}
    - target: {fileID: 638274415473166993, guid: c1b43b7313cdf204b90cde22b88e4f8a,
        type: 3}
      propertyPath: m_LocalPosition.y
      value: -4.94
      objectReference: {fileID: 0}
    - target: {fileID: 638274415473166993, guid: c1b43b7313cdf204b90cde22b88e4f8a,
        type: 3}
      propertyPath: m_LocalPosition.z
      value: 0
      objectReference: {fileID: 0}
    - target: {fileID: 638274415473166993, guid: c1b43b7313cdf204b90cde22b88e4f8a,
        type: 3}
      propertyPath: m_LocalRotation.x
      value: -0
      objectReference: {fileID: 0}
    - target: {fileID: 638274415473166993, guid: c1b43b7313cdf204b90cde22b88e4f8a,
        type: 3}
      propertyPath: m_LocalRotation.y
      value: -0
      objectReference: {fileID: 0}
    - target: {fileID: 638274415473166993, guid: c1b43b7313cdf204b90cde22b88e4f8a,
        type: 3}
      propertyPath: m_LocalRotation.z
      value: -0
      objectReference: {fileID: 0}
    - target: {fileID: 638274415473166993, guid: c1b43b7313cdf204b90cde22b88e4f8a,
        type: 3}
      propertyPath: m_LocalRotation.w
      value: 1
      objectReference: {fileID: 0}
    - target: {fileID: 638274415473166993, guid: c1b43b7313cdf204b90cde22b88e4f8a,
        type: 3}
      propertyPath: m_RootOrder
      value: 1
      objectReference: {fileID: 0}
    - target: {fileID: 638274415473166993, guid: c1b43b7313cdf204b90cde22b88e4f8a,
        type: 3}
      propertyPath: m_LocalEulerAnglesHint.x
      value: 0
      objectReference: {fileID: 0}
    - target: {fileID: 638274415473166993, guid: c1b43b7313cdf204b90cde22b88e4f8a,
        type: 3}
      propertyPath: m_LocalEulerAnglesHint.y
      value: 0
      objectReference: {fileID: 0}
    - target: {fileID: 638274415473166993, guid: c1b43b7313cdf204b90cde22b88e4f8a,
        type: 3}
      propertyPath: m_LocalEulerAnglesHint.z
      value: 0
      objectReference: {fileID: 0}
    - target: {fileID: 638274414403116011, guid: c1b43b7313cdf204b90cde22b88e4f8a,
        type: 3}
      propertyPath: m_Size.x
      value: 0.22999999
      objectReference: {fileID: 0}
    - target: {fileID: 638274414403116011, guid: c1b43b7313cdf204b90cde22b88e4f8a,
        type: 3}
      propertyPath: m_Size.y
      value: 0.31
      objectReference: {fileID: 0}
    m_RemovedComponents: []
  m_SourcePrefab: {fileID: 100100000, guid: c1b43b7313cdf204b90cde22b88e4f8a, type: 3}
--- !u!4 &2287354293725876718 stripped
Transform:
  m_CorrespondingSourceObject: {fileID: 638274415473166993, guid: c1b43b7313cdf204b90cde22b88e4f8a,
    type: 3}
  m_PrefabInstance: {fileID: 1685977585911159679}
  m_PrefabAsset: {fileID: 0}
--- !u!1001 &1685977586981187192
PrefabInstance:
  m_ObjectHideFlags: 0
  serializedVersion: 2
  m_Modification:
    m_TransformParent: {fileID: 1685977587741919735}
    m_Modifications:
    - target: {fileID: 638274414594943431, guid: c1b43b7313cdf204b90cde22b88e4f8a,
        type: 3}
      propertyPath: m_Name
      value: Bird_S 5
      objectReference: {fileID: 0}
    - target: {fileID: 638274415473166993, guid: c1b43b7313cdf204b90cde22b88e4f8a,
        type: 3}
      propertyPath: m_LocalPosition.x
      value: -0.51
      objectReference: {fileID: 0}
    - target: {fileID: 638274415473166993, guid: c1b43b7313cdf204b90cde22b88e4f8a,
        type: 3}
      propertyPath: m_LocalPosition.y
      value: -4.94
      objectReference: {fileID: 0}
    - target: {fileID: 638274415473166993, guid: c1b43b7313cdf204b90cde22b88e4f8a,
        type: 3}
      propertyPath: m_LocalPosition.z
      value: 0
      objectReference: {fileID: 0}
    - target: {fileID: 638274415473166993, guid: c1b43b7313cdf204b90cde22b88e4f8a,
        type: 3}
      propertyPath: m_LocalRotation.x
      value: -0
      objectReference: {fileID: 0}
    - target: {fileID: 638274415473166993, guid: c1b43b7313cdf204b90cde22b88e4f8a,
        type: 3}
      propertyPath: m_LocalRotation.y
      value: -0
      objectReference: {fileID: 0}
    - target: {fileID: 638274415473166993, guid: c1b43b7313cdf204b90cde22b88e4f8a,
        type: 3}
      propertyPath: m_LocalRotation.z
      value: -0
      objectReference: {fileID: 0}
    - target: {fileID: 638274415473166993, guid: c1b43b7313cdf204b90cde22b88e4f8a,
        type: 3}
      propertyPath: m_LocalRotation.w
      value: 1
      objectReference: {fileID: 0}
    - target: {fileID: 638274415473166993, guid: c1b43b7313cdf204b90cde22b88e4f8a,
        type: 3}
      propertyPath: m_RootOrder
      value: 4
      objectReference: {fileID: 0}
    - target: {fileID: 638274415473166993, guid: c1b43b7313cdf204b90cde22b88e4f8a,
        type: 3}
      propertyPath: m_LocalEulerAnglesHint.x
      value: 0
      objectReference: {fileID: 0}
    - target: {fileID: 638274415473166993, guid: c1b43b7313cdf204b90cde22b88e4f8a,
        type: 3}
      propertyPath: m_LocalEulerAnglesHint.y
      value: 0
      objectReference: {fileID: 0}
    - target: {fileID: 638274415473166993, guid: c1b43b7313cdf204b90cde22b88e4f8a,
        type: 3}
      propertyPath: m_LocalEulerAnglesHint.z
      value: 0
      objectReference: {fileID: 0}
    - target: {fileID: 638274414403116011, guid: c1b43b7313cdf204b90cde22b88e4f8a,
        type: 3}
      propertyPath: m_Size.x
      value: 0.22999999
      objectReference: {fileID: 0}
    - target: {fileID: 638274414403116011, guid: c1b43b7313cdf204b90cde22b88e4f8a,
        type: 3}
      propertyPath: m_Size.y
      value: 0.31
      objectReference: {fileID: 0}
    m_RemovedComponents: []
  m_SourcePrefab: {fileID: 100100000, guid: c1b43b7313cdf204b90cde22b88e4f8a, type: 3}
--- !u!4 &2287354292639048937 stripped
Transform:
  m_CorrespondingSourceObject: {fileID: 638274415473166993, guid: c1b43b7313cdf204b90cde22b88e4f8a,
    type: 3}
  m_PrefabInstance: {fileID: 1685977586981187192}
  m_PrefabAsset: {fileID: 0}
--- !u!1001 &1685977587176157667
PrefabInstance:
  m_ObjectHideFlags: 0
  serializedVersion: 2
  m_Modification:
    m_TransformParent: {fileID: 1685977587741919735}
    m_Modifications:
    - target: {fileID: 638274414594943431, guid: c1b43b7313cdf204b90cde22b88e4f8a,
        type: 3}
      propertyPath: m_Name
      value: Bird_S 4
      objectReference: {fileID: 0}
    - target: {fileID: 638274415473166993, guid: c1b43b7313cdf204b90cde22b88e4f8a,
        type: 3}
      propertyPath: m_LocalPosition.x
      value: 0.5
      objectReference: {fileID: 0}
    - target: {fileID: 638274415473166993, guid: c1b43b7313cdf204b90cde22b88e4f8a,
        type: 3}
      propertyPath: m_LocalPosition.y
      value: -4.02
      objectReference: {fileID: 0}
    - target: {fileID: 638274415473166993, guid: c1b43b7313cdf204b90cde22b88e4f8a,
        type: 3}
      propertyPath: m_LocalPosition.z
      value: 0
      objectReference: {fileID: 0}
    - target: {fileID: 638274415473166993, guid: c1b43b7313cdf204b90cde22b88e4f8a,
        type: 3}
      propertyPath: m_LocalRotation.x
      value: -0
      objectReference: {fileID: 0}
    - target: {fileID: 638274415473166993, guid: c1b43b7313cdf204b90cde22b88e4f8a,
        type: 3}
      propertyPath: m_LocalRotation.y
      value: -0
      objectReference: {fileID: 0}
    - target: {fileID: 638274415473166993, guid: c1b43b7313cdf204b90cde22b88e4f8a,
        type: 3}
      propertyPath: m_LocalRotation.z
      value: -0
      objectReference: {fileID: 0}
    - target: {fileID: 638274415473166993, guid: c1b43b7313cdf204b90cde22b88e4f8a,
        type: 3}
      propertyPath: m_LocalRotation.w
      value: 1
      objectReference: {fileID: 0}
    - target: {fileID: 638274415473166993, guid: c1b43b7313cdf204b90cde22b88e4f8a,
        type: 3}
      propertyPath: m_RootOrder
      value: 3
      objectReference: {fileID: 0}
    - target: {fileID: 638274415473166993, guid: c1b43b7313cdf204b90cde22b88e4f8a,
        type: 3}
      propertyPath: m_LocalEulerAnglesHint.x
      value: 0
      objectReference: {fileID: 0}
    - target: {fileID: 638274415473166993, guid: c1b43b7313cdf204b90cde22b88e4f8a,
        type: 3}
      propertyPath: m_LocalEulerAnglesHint.y
      value: 0
      objectReference: {fileID: 0}
    - target: {fileID: 638274415473166993, guid: c1b43b7313cdf204b90cde22b88e4f8a,
        type: 3}
      propertyPath: m_LocalEulerAnglesHint.z
      value: 0
      objectReference: {fileID: 0}
    - target: {fileID: 638274414594943429, guid: c1b43b7313cdf204b90cde22b88e4f8a,
        type: 3}
      propertyPath: standing
      value: 
      objectReference: {fileID: 21300366, guid: 8b667716062fe4841b46681a2d5d15bf,
        type: 3}
    - target: {fileID: 638274414403116011, guid: c1b43b7313cdf204b90cde22b88e4f8a,
        type: 3}
      propertyPath: m_Size.x
      value: 0.22999999
      objectReference: {fileID: 0}
    - target: {fileID: 638274414403116011, guid: c1b43b7313cdf204b90cde22b88e4f8a,
        type: 3}
      propertyPath: m_Size.y
      value: 0.31
      objectReference: {fileID: 0}
    m_RemovedComponents: []
  m_SourcePrefab: {fileID: 100100000, guid: c1b43b7313cdf204b90cde22b88e4f8a, type: 3}
--- !u!4 &2287354292595080050 stripped
Transform:
  m_CorrespondingSourceObject: {fileID: 638274415473166993, guid: c1b43b7313cdf204b90cde22b88e4f8a,
    type: 3}
  m_PrefabInstance: {fileID: 1685977587176157667}
  m_PrefabAsset: {fileID: 0}
--- !u!1001 &1685977587736163624
PrefabInstance:
  m_ObjectHideFlags: 0
  serializedVersion: 2
  m_Modification:
    m_TransformParent: {fileID: 1685977587741919735}
    m_Modifications:
    - target: {fileID: 638274414594943431, guid: c1b43b7313cdf204b90cde22b88e4f8a,
        type: 3}
      propertyPath: m_Name
      value: Bird_S 3
      objectReference: {fileID: 0}
    - target: {fileID: 638274415473166993, guid: c1b43b7313cdf204b90cde22b88e4f8a,
        type: 3}
      propertyPath: m_LocalPosition.x
      value: -0.99000025
      objectReference: {fileID: 0}
    - target: {fileID: 638274415473166993, guid: c1b43b7313cdf204b90cde22b88e4f8a,
        type: 3}
      propertyPath: m_LocalPosition.y
      value: -3.1999998
      objectReference: {fileID: 0}
    - target: {fileID: 638274415473166993, guid: c1b43b7313cdf204b90cde22b88e4f8a,
        type: 3}
      propertyPath: m_LocalPosition.z
      value: 0
      objectReference: {fileID: 0}
    - target: {fileID: 638274415473166993, guid: c1b43b7313cdf204b90cde22b88e4f8a,
        type: 3}
      propertyPath: m_LocalRotation.x
      value: -0
      objectReference: {fileID: 0}
    - target: {fileID: 638274415473166993, guid: c1b43b7313cdf204b90cde22b88e4f8a,
        type: 3}
      propertyPath: m_LocalRotation.y
      value: -0
      objectReference: {fileID: 0}
    - target: {fileID: 638274415473166993, guid: c1b43b7313cdf204b90cde22b88e4f8a,
        type: 3}
      propertyPath: m_LocalRotation.z
      value: -0
      objectReference: {fileID: 0}
    - target: {fileID: 638274415473166993, guid: c1b43b7313cdf204b90cde22b88e4f8a,
        type: 3}
      propertyPath: m_LocalRotation.w
      value: 1
      objectReference: {fileID: 0}
    - target: {fileID: 638274415473166993, guid: c1b43b7313cdf204b90cde22b88e4f8a,
        type: 3}
      propertyPath: m_RootOrder
      value: 2
      objectReference: {fileID: 0}
    - target: {fileID: 638274415473166993, guid: c1b43b7313cdf204b90cde22b88e4f8a,
        type: 3}
      propertyPath: m_LocalEulerAnglesHint.x
      value: 0
      objectReference: {fileID: 0}
    - target: {fileID: 638274415473166993, guid: c1b43b7313cdf204b90cde22b88e4f8a,
        type: 3}
      propertyPath: m_LocalEulerAnglesHint.y
      value: 0
      objectReference: {fileID: 0}
    - target: {fileID: 638274415473166993, guid: c1b43b7313cdf204b90cde22b88e4f8a,
        type: 3}
      propertyPath: m_LocalEulerAnglesHint.z
      value: 0
      objectReference: {fileID: 0}
    - target: {fileID: 638274414594943429, guid: c1b43b7313cdf204b90cde22b88e4f8a,
        type: 3}
      propertyPath: standing
      value: 
      objectReference: {fileID: 21300366, guid: 8b667716062fe4841b46681a2d5d15bf,
        type: 3}
    - target: {fileID: 638274414403116011, guid: c1b43b7313cdf204b90cde22b88e4f8a,
        type: 3}
      propertyPath: m_Size.x
      value: 0.22999999
      objectReference: {fileID: 0}
    - target: {fileID: 638274414403116011, guid: c1b43b7313cdf204b90cde22b88e4f8a,
        type: 3}
      propertyPath: m_Size.y
      value: 0.31
      objectReference: {fileID: 0}
    m_RemovedComponents: []
  m_SourcePrefab: {fileID: 100100000, guid: c1b43b7313cdf204b90cde22b88e4f8a, type: 3}
--- !u!4 &2287354291884081081 stripped
Transform:
  m_CorrespondingSourceObject: {fileID: 638274415473166993, guid: c1b43b7313cdf204b90cde22b88e4f8a,
    type: 3}
  m_PrefabInstance: {fileID: 1685977587736163624}
  m_PrefabAsset: {fileID: 0}
--- !u!1001 &2287354291998287488
PrefabInstance:
  m_ObjectHideFlags: 0
  serializedVersion: 2
  m_Modification:
    m_TransformParent: {fileID: 1685977587741919735}
    m_Modifications:
    - target: {fileID: 638274414594943431, guid: c1b43b7313cdf204b90cde22b88e4f8a,
        type: 3}
      propertyPath: m_Name
      value: Bird_S 1
      objectReference: {fileID: 0}
    - target: {fileID: 638274415473166993, guid: c1b43b7313cdf204b90cde22b88e4f8a,
        type: 3}
      propertyPath: m_LocalPosition.x
      value: 0.31
      objectReference: {fileID: 0}
    - target: {fileID: 638274415473166993, guid: c1b43b7313cdf204b90cde22b88e4f8a,
        type: 3}
      propertyPath: m_LocalPosition.y
      value: -2.99
      objectReference: {fileID: 0}
    - target: {fileID: 638274415473166993, guid: c1b43b7313cdf204b90cde22b88e4f8a,
        type: 3}
      propertyPath: m_LocalPosition.z
      value: 0
      objectReference: {fileID: 0}
    - target: {fileID: 638274415473166993, guid: c1b43b7313cdf204b90cde22b88e4f8a,
        type: 3}
      propertyPath: m_LocalRotation.x
      value: -0
      objectReference: {fileID: 0}
    - target: {fileID: 638274415473166993, guid: c1b43b7313cdf204b90cde22b88e4f8a,
        type: 3}
      propertyPath: m_LocalRotation.y
      value: -0
      objectReference: {fileID: 0}
    - target: {fileID: 638274415473166993, guid: c1b43b7313cdf204b90cde22b88e4f8a,
        type: 3}
      propertyPath: m_LocalRotation.z
      value: -0
      objectReference: {fileID: 0}
    - target: {fileID: 638274415473166993, guid: c1b43b7313cdf204b90cde22b88e4f8a,
        type: 3}
      propertyPath: m_LocalRotation.w
      value: 1
      objectReference: {fileID: 0}
    - target: {fileID: 638274415473166993, guid: c1b43b7313cdf204b90cde22b88e4f8a,
        type: 3}
      propertyPath: m_RootOrder
      value: 0
      objectReference: {fileID: 0}
    - target: {fileID: 638274415473166993, guid: c1b43b7313cdf204b90cde22b88e4f8a,
        type: 3}
      propertyPath: m_LocalEulerAnglesHint.x
      value: 0
      objectReference: {fileID: 0}
    - target: {fileID: 638274415473166993, guid: c1b43b7313cdf204b90cde22b88e4f8a,
        type: 3}
      propertyPath: m_LocalEulerAnglesHint.y
      value: 0
      objectReference: {fileID: 0}
    - target: {fileID: 638274415473166993, guid: c1b43b7313cdf204b90cde22b88e4f8a,
        type: 3}
      propertyPath: m_LocalEulerAnglesHint.z
      value: 0
      objectReference: {fileID: 0}
    - target: {fileID: 638274414403116011, guid: c1b43b7313cdf204b90cde22b88e4f8a,
        type: 3}
      propertyPath: m_Size.x
      value: 0.22999999
      objectReference: {fileID: 0}
    - target: {fileID: 638274414403116011, guid: c1b43b7313cdf204b90cde22b88e4f8a,
        type: 3}
      propertyPath: m_Size.y
      value: 0.31
      objectReference: {fileID: 0}
    m_RemovedComponents: []
  m_SourcePrefab: {fileID: 100100000, guid: c1b43b7313cdf204b90cde22b88e4f8a, type: 3}
--- !u!4 &1685977587621981201 stripped
Transform:
  m_CorrespondingSourceObject: {fileID: 638274415473166993, guid: c1b43b7313cdf204b90cde22b88e4f8a,
    type: 3}
  m_PrefabInstance: {fileID: 2287354291998287488}
  m_PrefabAsset: {fileID: 0}
