%YAML 1.1
%TAG !u! tag:unity3d.com,2011:
--- !u!1 &1333112583484859183
GameObject:
  m_ObjectHideFlags: 0
  m_CorrespondingSourceObject: {fileID: 0}
  m_PrefabInstance: {fileID: 0}
  m_PrefabAsset: {fileID: 0}
  serializedVersion: 6
  m_Component:
  - component: {fileID: 1333112583484859177}
  - component: {fileID: 1333112583484859180}
  - component: {fileID: 1333112583484859176}
  - component: {fileID: 1333112583484859181}
  - component: {fileID: 1333112583484859179}
  - component: {fileID: 1333112583484859178}
  m_Layer: 0
  m_Name: DataManager
  m_TagString: Untagged
  m_Icon: {fileID: 0}
  m_NavMeshLayer: 0
  m_StaticEditorFlags: 0
  m_IsActive: 1
--- !u!4 &1333112583484859177
Transform:
  m_ObjectHideFlags: 0
  m_CorrespondingSourceObject: {fileID: 0}
  m_PrefabInstance: {fileID: 0}
  m_PrefabAsset: {fileID: 0}
  m_GameObject: {fileID: 1333112583484859183}
  m_LocalRotation: {x: 0, y: 0, z: 0, w: 1}
  m_LocalPosition: {x: 0, y: 0, z: 0}
  m_LocalScale: {x: 1, y: 1, z: 1}
  m_Children: []
  m_Father: {fileID: 0}
  m_RootOrder: 0
  m_LocalEulerAnglesHint: {x: 0, y: 0, z: 0}
--- !u!114 &1333112583484859180
MonoBehaviour:
  m_ObjectHideFlags: 0
  m_CorrespondingSourceObject: {fileID: 0}
  m_PrefabInstance: {fileID: 0}
  m_PrefabAsset: {fileID: 0}
  m_GameObject: {fileID: 1333112583484859183}
  m_Enabled: 1
  m_EditorHideFlags: 0
  m_Script: {fileID: 11500000, guid: f849d9ecc6798494bb3254c094e31fbd, type: 3}
  m_Name: 
  m_EditorClassIdentifier: 
  playerDataManager: {fileID: 1333112583484859176}
  animalDataManager: {fileID: 1333112583484859179}
  itemDataManager: {fileID: 1333112583484859181}
  letterDataManager: {fileID: 1333112583484859178}
--- !u!114 &1333112583484859176
MonoBehaviour:
  m_ObjectHideFlags: 0
  m_CorrespondingSourceObject: {fileID: 0}
  m_PrefabInstance: {fileID: 0}
  m_PrefabAsset: {fileID: 0}
  m_GameObject: {fileID: 1333112583484859183}
  m_Enabled: 1
  m_EditorHideFlags: 0
  m_Script: {fileID: 11500000, guid: 9cbd7f24d898c8647bb861f129006cad, type: 3}
  m_Name: 
  m_EditorClassIdentifier: 
--- !u!114 &1333112583484859181
MonoBehaviour:
  m_ObjectHideFlags: 0
  m_CorrespondingSourceObject: {fileID: 0}
  m_PrefabInstance: {fileID: 0}
  m_PrefabAsset: {fileID: 0}
  m_GameObject: {fileID: 1333112583484859183}
  m_Enabled: 1
  m_EditorHideFlags: 0
  m_Script: {fileID: 11500000, guid: cf240f059e8ae6c4a8eedc9e051b20b1, type: 3}
  m_Name: 
  m_EditorClassIdentifier: 
  animalJson: {fileID: 0}
--- !u!114 &1333112583484859179
MonoBehaviour:
  m_ObjectHideFlags: 0
  m_CorrespondingSourceObject: {fileID: 0}
  m_PrefabInstance: {fileID: 0}
  m_PrefabAsset: {fileID: 0}
  m_GameObject: {fileID: 1333112583484859183}
  m_Enabled: 1
  m_EditorHideFlags: 0
  m_Script: {fileID: 11500000, guid: cc13c25a5348f664e8bca170fc2c52c3, type: 3}
  m_Name: 
  m_EditorClassIdentifier: 
  animalJson: {fileID: 0}
--- !u!114 &1333112583484859178
MonoBehaviour:
  m_ObjectHideFlags: 0
  m_CorrespondingSourceObject: {fileID: 0}
  m_PrefabInstance: {fileID: 0}
  m_PrefabAsset: {fileID: 0}
  m_GameObject: {fileID: 1333112583484859183}
  m_Enabled: 1
  m_EditorHideFlags: 0
  m_Script: {fileID: 11500000, guid: d06ed7fd0350d0349a7d15c7c2ce31f4, type: 3}
  m_Name: 
  m_EditorClassIdentifier: 
  letterJsonData: {fileID: 0}
